<record><leader>00000cas a2200000 a 4500</leader><controlfield tag="001">11242783</controlfield><controlfield tag="008">841009d18921892ksuwr ne      0   a0eng d</controlfield><datafield ind1=" " ind2=" " tag="010"><subfield code="a">sn 84029850 </subfield></datafield><datafield ind1=" " ind2=" " tag="040"><subfield code="a">KSH</subfield><subfield code="b">eng</subfield><subfield code="c">KSH</subfield><subfield code="d">NPT</subfield><subfield code="d">OCL</subfield><subfield code="d">OCLCQ</subfield></datafield><datafield ind1=" " ind2=" " tag="042"><subfield code="a">msc</subfield></datafield><datafield ind1="0" ind2="4" tag="245"><subfield code="a">The Dodge City times-ensign.</subfield></datafield><datafield ind1="1" ind2="3" tag="246"><subfield code="a">Times-ensign</subfield><subfield code="f">May 19-Sept. 1, 1892</subfield></datafield><datafield ind1=" " ind2=" " tag="260"><subfield code="a">Dodge City, Kan. :</subfield><subfield code="b">J.A. Cline,</subfield><subfield code="c">1892.</subfield></datafield><datafield ind1=" " ind2=" " tag="300"><subfield code="a">2 v. :</subfield><subfield code="b">ill. ;</subfield><subfield code="c">55 cm.</subfield></datafield><datafield ind1=" " ind2=" " tag="310"><subfield code="a">Weekly</subfield></datafield><datafield ind1="0" ind2=" " tag="362"><subfield code="a">Times, vol. 17, no. 38 (Jan. 15, 1892)-v. 18, no. 19 (Sept. 1, 1892) = Ensign, v. 3, no. 35-v. 4, no. 16.</subfield></datafield><datafield ind1=" " ind2=" " tag="500"><subfield code="a">"Independent Republican."</subfield></datafield><datafield ind1=" " ind2=" " tag="752"><subfield code="a">United States</subfield><subfield code="b">Kansas</subfield><subfield code="c">Ford</subfield><subfield code="d">Dodge City.</subfield></datafield><datafield ind1="0" ind2="4" tag="780"><subfield code="t">Western Kansas ensign</subfield><subfield code="w">(DLC)sn 84029803</subfield></datafield><datafield ind1="0" ind2="4" tag="780"><subfield code="t">Dodge City times</subfield><subfield code="w">(DLC)sn 84029838</subfield></datafield><datafield ind1="0" ind2="6" tag="785"><subfield code="t">Dodge City times (Dodge City, Kan. : 1892)</subfield><subfield code="w">(DLC)sn 84029858</subfield></datafield><datafield ind1="0" ind2="6" tag="785"><subfield code="t">Bucklin times-ensign</subfield><subfield code="w">(DLC)sn 84029828</subfield></datafield></record>